@misc{huang2016automated, 
  title={Automated Version Control}, 
  url={https://swcarpentry.github.io/git-novice/01-basics/index.html}, 
  journal={Automated Version Control â€“ Version Control with Git},
  publisher={Software Carpentry},
  author={Huang, Daisie and Gonzalez, Ivan},
  year={2016}, 
  month={Jun}
}